<?xml version="1.0" encoding="UTF-8"?><collection xmlns="http://www.loc.gov/MARC21/slim"><record><leader>00497nam--2200181-i-4500</leader><controlfield tag="001">000009460</controlfield><controlfield tag="002">20161230</controlfield><controlfield tag="005">20170109000024</controlfield><controlfield tag="008">060222s1000------------r-----000-0-eng-d</controlfield><datafield ind1=" " ind2=" " tag="040"><subfield code="a">IFIN-HH</subfield></datafield><datafield ind1=" " ind2=" " tag="080"><subfield code="a">539.171</subfield></datafield><datafield ind1="1" ind2=" " tag="100"><subfield code="a">Cence, Robert J</subfield></datafield><datafield ind1="1" ind2="0" tag="245"><subfield code="a">Pion-nucleon scattering</subfield><subfield code="c">Robert J. Cence</subfield></datafield><datafield ind1=" " ind2=" " tag="260"><subfield code="a">Princeton, New Jersey</subfield><subfield code="b">Princeton University Press</subfield><subfield code="c">1969</subfield></datafield><datafield ind1=" " ind2=" " tag="300"><subfield code="a">VIII + 138 p</subfield></datafield><datafield ind1=" " ind2=" " tag="490"><subfield code="a">Investigations In Physics</subfield></datafield><datafield ind1=" " ind2=" " tag="852"><subfield code="a">33818</subfield><subfield code="c">539.17</subfield></datafield><datafield ind1=" " ind2=" " tag="CAT"><subfield code="a">SYS</subfield><subfield code="c">20170109</subfield><subfield code="h">000024</subfield></datafield></record></collection>